% Bibliography file for OuterSpace paper
% Add your references here in BibTeX format

@article{example2023,
    title={Example Reference for Genomic Analysis},
    author={Smith, John and Doe, Jane},
    journal={Journal of Computational Biology},
    volume={30},
    number={5},
    pages={123--145},
    year={2023},
    publisher={Example Publisher}
}

@software{outerspace2025,
    title={OuterSpace: A Comprehensive Tool for Genomic Sequence Analysis},
    author={Author, One and Author, Two and Author, Three and Author, Four},
    year={2025},
    url={https://github.com/username/outerspace},
    note={Version 1.0}
}

@article{bioinformatics_review2022,
    title={Modern Approaches to Genomic Sequence Analysis: A Review},
    author={Johnson, Alice and Brown, Bob},
    journal={Nature Biotechnology},
    volume={40},
    number={3},
    pages={245--260},
    year={2022},
    publisher={Nature Publishing Group}
}
